<?xml version="1.0" encoding="UTF-8"?><record xmlns="http://www.loc.gov/MARC21/slim" xmlns:cinclude="http://apache.org/cocoon/include/1.0" xmlns:zs="http://www.loc.gov/zing/srw/">
  <leader>00839cz  a2200217n  4500</leader>
  <controlfield tag="001">n  87855057 </controlfield>
  <controlfield tag="003">DLC</controlfield>
  <controlfield tag="005">20150226073738.0</controlfield>
  <controlfield tag="008">870905n| azannaabn          |n aaa      </controlfield>
  <datafield tag="010" ind1=" " ind2=" ">
    <subfield code="a">n  87855057 </subfield>
  </datafield>
  <datafield tag="035" ind1=" " ind2=" ">
    <subfield code="a">(OCoLC)oca01934671</subfield>
  </datafield>
  <datafield tag="040" ind1=" " ind2=" ">
    <subfield code="a">DLC</subfield>
    <subfield code="b">eng</subfield>
    <subfield code="e">rda</subfield>
    <subfield code="c">DLC</subfield>
    <subfield code="d">DNGA</subfield>
  </datafield>
  <datafield tag="046" ind1=" " ind2=" ">
    <subfield code="f">19110411</subfield>
    <subfield code="g">19901111</subfield>
  </datafield>
  <datafield tag="100" ind1="1" ind2=" ">
    <subfield code="a">Kalin, Zdenko,</subfield>
    <subfield code="d">1911-1990</subfield>
  </datafield>
  <datafield tag="370" ind1=" " ind2=" ">
    <subfield code="a">Solkan (Slovenia)</subfield>
    <subfield code="b">Ljubljana (Slovenia)</subfield>
    <subfield code="c">Slovenia</subfield>
    <subfield code="2">naf</subfield>
  </datafield>
  <datafield tag="372" ind1=" " ind2=" ">
    <subfield code="a">Sculpture</subfield>
    <subfield code="2">lcsh</subfield>
  </datafield>
  <datafield tag="374" ind1=" " ind2=" ">
    <subfield code="a">Sculptors</subfield>
    <subfield code="2">lcsh</subfield>
  </datafield>
  <datafield tag="375" ind1=" " ind2=" ">
    <subfield code="a">male</subfield>
  </datafield>
  <datafield tag="670" ind1=" " ind2=" ">
    <subfield code="a">His Kipar Zdenko Kalin, 1985:</subfield>
    <subfield code="b">t.p. (Zdenko Kalin) p. 144 (b. 4/11/11)</subfield>
  </datafield>
  <datafield tag="670" ind1=" " ind2=" ">
    <subfield code="a">DNB in VIAF, Feb. 24, 2015</subfield>
    <subfield code="b">(access point: Kalin, Zdenko, 1911-1990; b. GoĚrz; d. Ljubljana; sculptor)</subfield>
  </datafield>
  <datafield tag="670" ind1=" " ind2=" ">
    <subfield code="a">Slovenian Wikipedia, Feb. 24, 2015</subfield>
    <subfield code="b">(Zdenko Kalin; b. Solkan, Nova Gorica, Apr. 11, 1911; d. Ljubljana, Nov. 11, 1990; sculptor)</subfield>
  </datafield>
</record>